@online{wiki,
    title = "This is a wiki page with a very long and annoying title",
    url = "abcd://efghjikl.mno/pqrstuv",
    urldate = "2012-01-16"
}
